@article{ziyatdinov2023,
	title = {Genotyping, sequencing and analysis of 140,000 adults from Mexico City},
	volume = {622},
	rights = {2023 The Author(s)},
	issn = {1476-4687},
	url = {https://www.nature.com/articles/s41586-023-06595-3},
	doi = {10.1038/s41586-023-06595-3},
	pages = {784--793},
	number = {7984},
	journaltitle = {Nature},
	author = {Ziyatdinov, Andrey and Torres, Jason and Alegre-Díaz, Jesús and Backman, Joshua and Mbatchou, Joelle and Turner, Michael and Gaynor, Sheila M. and Joseph, Tyler and Zou, Yuxin and Liu, Daren and Wade, Rachel and Staples, Jeffrey and Panea, Razvan and Popov, Alex and Bai, Xiaodong and Balasubramanian, Suganthi and Habegger, Lukas and Lanche, Rouel and Lopez, Alex and Maxwell, Evan and Jones, Marcus and García-Ortiz, Humberto and Ramirez-Reyes, Raul and Santacruz-Benítez, Rogelio and Nag, Abhishek and Smith, Katherine R. and Damask, Amy and Lin, Nan and Paulding, Charles and Reppell, Mark and Zöllner, Sebastian and Jorgenson, Eric and Salerno, William and Petrovski, Slavé and Overton, John and Reid, Jeffrey and Thornton, Timothy A. and Abecasis, Gonçalo and Berumen, Jaime and Orozco-Orozco, Lorena and Collins, Rory and Baras, Aris and Hill, Michael R. and Emberson, Jonathan R. and Marchini, Jonathan and Kuri-Morales, Pablo and Tapia-Conyer, Roberto},
	urldate = {2024-03-14},
	date = {2023-10},
	langid = {english},
	note = {Number: 7984
Publisher: Nature Publishing Group},
	keywords = {{BioBank}, {MCPS}, notion},
	file = {ziyatdinov2023:H\:\\Mi unidad\\Readings\\Articles\\ziyatdinov2023.pdf:application/pdf},
}
@article{young2022,
  title = {Mendelian Imputation of Parental Genotypes Improves Estimates of Direct Genetic Effects},
  author = {Young, Alexander I. and Nehzati, Seyed Moeen and Benonisdottir, Stefania and Okbay, Aysu and Jayashankar, Hariharan and Lee, Chanwook and Cesarini, David and Benjamin, Daniel J. and Turley, Patrick and Kong, Augustine},
  date = {2022-06},
  journaltitle = {Nature Genetics},
  shortjournal = {Nat Genet},
  volume = {54},
  number = {6},
  pages = {897--905},
  publisher = {Nature Publishing Group},
  issn = {1546-1718},
  doi = {10.1038/s41588-022-01085-0},
  url = {https://www.nature.com/articles/s41588-022-01085-0},
  urldate = {2024-03-14},
  issue = {6},
  langid = {english},
  keywords = {GWAS,Mendelian Imputation,notion}
}
@article{tapia-conyer-2006,
  title = {Cohort Profile: The {{Mexico City Prospective Study}}},
  shorttitle = {Cohort Profile},
  author = {Tapia-Conyer, Roberto and Kuri-Morales, Pablo and Alegre-Díaz, Jesús and Whitlock, Gary and Emberson, Jonathan and Clark, Sarah and Peto, Richard and Collins, Rory},
  date = {2006-04},
  journaltitle = {International Journal of Epidemiology},
  shortjournal = {Int J Epidemiol},
  volume = {35},
  number = {2},
  eprint = {16556648},
  eprinttype = {pmid},
  pages = {243--249},
  issn = {0300-5771},
  doi = {10.1093/ije/dyl042},
  issue = {2},
  langid = {english},
  keywords = {biobank,mexico,notion},
  file = {C\:\\Users\\rober\\Zotero\\storage\\A2478SDY\\tapia-conyer2005.pdf.pdf;C\:\\Users\\rober\\Zotero\\storage\\BKUMJBYH\\Tapia-Conyer et al. - 2006 - Cohort profile the Mexico City Prospective Study.pdf}
}
@article{garcia-ortiz2021,
  title = {The Genomic Landscape of {{Mexican Indigenous}} Populations Brings Insights into the Peopling of the {{Americas}}},
  author = {García-Ortiz, Humberto and Barajas-Olmos, Francisco and Contreras-Cubas, Cecilia and Cid-Soto, Miguel Ángel and Córdova, Emilio J. and Centeno-Cruz, Federico and Mendoza-Caamal, Elvia and Cicerón-Arellano, Isabel and Flores-Huacuja, Marlen and Baca, Paulina and Bolnick, Deborah A. and Snow, Meradeth and Flores-Martínez, Silvia Esperanza and Ortiz-Lopez, Rocio and Reynolds, Austin W. and Blanchet, Antonio and Morales-Marín, Mirna and Velázquez-Cruz, Rafael and Kostic, Aleksandar David and Galaviz-Hernández, Carlos and García-Zapién, Alejandra Guadalupe and Jiménez-López, José Concepción and León-Reyes, Guadalupe and Salas-Bautista, Eva Gabriela and Lazalde-Ramos, Blanca Patricia and Jiménez-Ruíz, Juan Luis and Salas-Martínez, Guadalupe and Ramos-Madrigal, Jazmín and Mirzaeicheshmeh, Elaheh and Saldaña-Alvarez, Yolanda and family=Carmen Abrahantes-Pérez, given=María, prefix=del, useprefix=true and Loeza-Becerra, Francisco and Mojica-Espinosa, Raúl and Sánchez-Quinto, Federico and Rangel-Villalobos, Héctor and Sosa-Macías, Martha and Sánchez-Corona, José and Rojas-Martinez, Augusto and Martínez-Hernández, Angélica and Orozco, Lorena},
  date = {2021-10-12},
  journaltitle = {Nature Communications},
  shortjournal = {Nat Commun},
  volume = {12},
  number = {1},
  pages = {5942},
  publisher = {Nature Publishing Group},
  issn = {2041-1723},
  doi = {10.1038/s41467-021-26188-w},
  url = {https://www.nature.com/articles/s41467-021-26188-w},
  urldate = {2025-02-13},
  langid = {english},
  keywords = {Evolutionary genetics,Population genetics},
  file = {C:\Users\rober\Zotero\storage\257PTTPH\García-Ortiz et al. - 2021 - The genomic landscape of Mexican Indigenous populations brings insights into the peopling of the Ame.pdf}
}
